<?xml version="1.0" encoding="UTF-8"?><collection xmlns="http://www.loc.gov/MARC21/slim"><record><leader>00356nam--2200133-i-4500</leader><controlfield tag="001">000025480</controlfield><controlfield tag="002">20161230</controlfield><controlfield tag="005">20161230201035</controlfield><controlfield tag="008">060222s1000------------r-----000-0-eng-d</controlfield><datafield ind1=" " ind2=" " tag="080"><subfield code="a">62-52</subfield></datafield><datafield ind1=" " ind2=" " tag="245"><subfield code="a">Journee de l`analyse 1965. l`automatisme dans l`analyse</subfield></datafield><datafield ind1=" " ind2=" " tag="260"><subfield code="a">Paris, Cetama, 1965, 65p</subfield></datafield><datafield ind1=" " ind2=" " tag="490"><subfield code="a">Commissariat A L`Energie Atomique</subfield></datafield><datafield ind1=" " ind2=" " tag="852"><subfield code="a">25766</subfield></datafield></record></collection>